<record><leader>00000cas a2200000 i 4500</leader><controlfield tag="001">864188192</controlfield><controlfield tag="007">hd b|u---baaa</controlfield><controlfield tag="008">131126c19969999dcuwr nea     0    0eng  </controlfield><datafield ind1=" " ind2=" " tag="010"><subfield code="a">  2013272134</subfield></datafield><datafield ind1=" " ind2=" " tag="040"><subfield code="a">DLC</subfield><subfield code="b">eng</subfield><subfield code="e">rda</subfield><subfield code="c">DLC</subfield><subfield code="d">DLC</subfield><subfield code="d">OCLCF</subfield></datafield><datafield ind1=" " ind2=" " tag="042"><subfield code="a">pcc</subfield></datafield><datafield ind1="0" ind2="0" tag="050"><subfield code="a">Newspaper</subfield></datafield><datafield ind1="0" ind2=" " tag="130"><subfield code="a">Baltic times (Riga, Latvia : 1996)</subfield></datafield><datafield ind1="1" ind2="4" tag="245"><subfield code="a">The Baltic times :</subfield><subfield code="b">news from Estonia, Latvia and Lithuania.</subfield></datafield><datafield ind1=" " ind2="1" tag="264"><subfield code="a">Washington, DC  :</subfield><subfield code="b">Library of Congress Photoduplication Service</subfield></datafield><datafield ind1=" " ind2=" " tag="300"><subfield code="a">microfilm reels ;</subfield><subfield code="c">35 mm</subfield></datafield><datafield ind1=" " ind2=" " tag="310"><subfield code="a">Weekly</subfield></datafield><datafield ind1=" " ind2=" " tag="336"><subfield code="a">text</subfield><subfield code="b">txt</subfield><subfield code="2">rdacontent</subfield></datafield><datafield ind1=" " ind2=" " tag="337"><subfield code="a">microform</subfield><subfield code="b">h</subfield><subfield code="2">rdamedia</subfield></datafield><datafield ind1=" " ind2=" " tag="338"><subfield code="a">microfilm reel</subfield><subfield code="b">hd</subfield><subfield code="2">rdacarrier</subfield></datafield><datafield ind1="1" ind2=" " tag="362"><subfield code="a">Began March 21-27, 1996.</subfield></datafield><datafield ind1=" " ind2=" " tag="588"><subfield code="a">Description based on: Vol. 4, #150 (March 18-24, 1999); title from masthead.</subfield></datafield><datafield ind1=" " ind2=" " tag="588"><subfield code="a">Latest issue consulted: Vol. 4, #150 (March 18-24, 1999).</subfield></datafield><datafield ind1=" " ind2="0" tag="651"><subfield code="a">Baltic States</subfield><subfield code="v">Newspapers.</subfield></datafield><datafield ind1=" " ind2="7" tag="655"><subfield code="a">Newspapers.</subfield><subfield code="2">fast</subfield><subfield code="0">(OCoLC)fst01423814</subfield></datafield><datafield ind1=" " ind2="7" tag="651"><subfield code="a">Baltic States.</subfield><subfield code="2">fast</subfield><subfield code="0">(OCoLC)fst01241546</subfield></datafield><datafield ind1=" " ind2=" " tag="752"><subfield code="a">Latvia</subfield><subfield code="d">Riga.</subfield></datafield><datafield ind1="0" ind2="8" tag="776"><subfield code="i">Reproduction of (manifestation):</subfield><subfield code="s">Baltic times (Ri&#772;ga, Latvia : 1996)</subfield><subfield code="t">Baltic times</subfield><subfield code="d">Riga, Latvia</subfield><subfield code="w">(DLC)   96651291</subfield><subfield code="w">(OCoLC)34574787</subfield></datafield><datafield ind1="4" ind2="1" tag="856"><subfield code="u">http://www.baltictimes.com/</subfield></datafield></record>